<?xml version="1.0" encoding="UTF-8"?><collection xmlns="http://www.loc.gov/MARC21/slim"><record><leader>00581nam--2200193-u-4500</leader><controlfield tag="001">000052469</controlfield><controlfield tag="002">20161230</controlfield><controlfield tag="005">20161230201050</controlfield><controlfield tag="008">100720s1000------------r-----000-0-eng-d</controlfield><datafield ind1=" " ind2=" " tag="020"><subfield code="a">0677126301</subfield></datafield><datafield ind1=" " ind2=" " tag="040"><subfield code="a">IFIN-HH</subfield></datafield><datafield ind1=" " ind2=" " tag="080"><subfield code="a">532.783(061.3)</subfield></datafield><datafield ind1="1" ind2=" " tag="100"><subfield code="a">Brown, Glenn H</subfield></datafield><datafield ind1="1" ind2="0" tag="245"><subfield code="a">Liquid Crystals 3</subfield><subfield code="b">The 3rd International Liquid Crystal Conference. Part II</subfield><subfield code="c">Edited by Glenn H. Brown, M.M. Labes</subfield></datafield><datafield ind1=" " ind2=" " tag="260"><subfield code="a">London</subfield><subfield code="b">Gordon and Breach Science Publishers</subfield><subfield code="c">1972</subfield></datafield><datafield ind1=" " ind2=" " tag="300"><subfield code="a">xviii + 574 p</subfield></datafield><datafield ind1="1" ind2=" " tag="700"><subfield code="a">Labes, M.M</subfield></datafield><datafield ind1=" " ind2=" " tag="852"><subfield code="a">42292</subfield><subfield code="c">532</subfield></datafield><datafield ind1=" " ind2=" " tag="CAT"><subfield code="a">Sys</subfield><subfield code="c">20100720</subfield><subfield code="h">124150</subfield></datafield></record></collection>